@article{conway2014edelweiss,
  title={Edelweiss: Automatic storage reclamation for distributed programming},
  author={Conway, Neil and Alvaro, Peter and Andrews, Emily and Hellerstein, Joseph M},
  journal={Proceedings of the VLDB Endowment},
  volume={7},
  number={6},
  pages={481--492},
  year={2014},
  publisher={VLDB Endowment}
}

@inproceedings{conway2012logic,
  title={Logic and lattices for distributed programming},
  author={Conway, Neil and Marczak, William R and Alvaro, Peter and Hellerstein, Joseph M and Maier, David},
  booktitle={Proceedings of the Third ACM Symposium on Cloud Computing},
  pages={1},
  year={2012},
  organization={ACM}
}

@incollection{shapiro2011conflict,
  title={Conflict-free replicated data types},
  author={Shapiro, Marc and Pregui{\c{c}}a, Nuno and Baquero, Carlos and Zawirski, Marek},
  booktitle={Stabilization, Safety, and Security of Distributed Systems},
  pages={386--400},
  year={2011},
  publisher={Springer}
}

@inproceedings{murray2013naiad,
  title={Naiad: a timely dataflow system},
  author={Murray, Derek G and McSherry, Frank and Isaacs, Rebecca and Isard, Michael and Barham, Paul and Abadi, Mart{\'\i}n},
  booktitle={Proceedings of the Twenty-Fourth ACM Symposium on Operating Systems Principles},
  pages={439--455},
  year={2013},
  organization={ACM}
}

@article{arasu2006cql,
  title={The CQL continuous query language: semantic foundations and query execution},
  author={Arasu, Arvind and Babu, Shivnath and Widom, Jennifer},
  journal={The VLDB Journalâ€”The International Journal on Very Large Data Bases},
  volume={15},
  number={2},
  pages={121--142},
  year={2006},
  publisher={Springer-Verlag New York, Inc.}
}

@inproceedings{diaconu2013hekaton,
  title={Hekaton: SQL server's memory-optimized OLTP engine},
  author={Diaconu, Cristian and Freedman, Craig and Ismert, Erik and Larson, Per-Ake and Mittal, Pravin and Stonecipher, Ryan and Verma, Nitin and Zwilling, Mike},
  booktitle={Proceedings of the 2013 ACM SIGMOD International Conference on Management of Data},
  pages={1243--1254},
  year={2013},
  organization={ACM}
}

@article{ameloot2013relational,
  title={Relational transducers for declarative networking},
  author={Ameloot, Tom J and Neven, Frank and Van den Bussche, Jan},
  journal={Journal of the ACM (JACM)},
  volume={60},
  number={2},
  pages={15},
  year={2013},
  publisher={ACM}
}

@inproceedings{ameloot2014weaker,
  title={Weaker forms of monotonicity for declarative networking: a more fine-grained answer to the CALM-conjecture},
  author={Ameloot, Tom J and Ketsman, Bas and Neven, Frank and Zinn, Daniel},
  booktitle={Proceedings of the 33rd ACM SIGMOD-SIGACT-SIGART symposium on Principles of database systems},
  pages={64--75},
  year={2014},
  organization={ACM}
}

